@online {etymonline2017,
    author  = "Etymonline",
    year    = "2017",
    month   = "feb",
    edition = "first",
    url = "http://www.etymonline.com/index.php",
} 

@online {atlantic2017,
	author  = "The Atlantic",
	title 	= "Scientists Have Found Another Crow That Uses Tools",
	year    = "2017",
	month   = "feb",
	edition = "first",
	url = "https://www.theatlantic.com/science/archive/2016/09/this-crow-nearly-died-out-before-we-knew-it-uses-tools/499724/",
} 

@online {Sea,
	title  = "Google Images - Animal Scientific Diagrams",
	year    = "2017",
	month   = "feb",
	edition = "first",
	url = "https://s-media-cache-ak0.pinimg.com/236x/19/44/b4/1944b45fa0ab35f9b6f42436073e342f.jpg",
} 

@online {Crystal,
	title  = "Google Images",
	year    = "2017",
	month   = "feb",
	edition = "first",
	url = "https://s-media-cache-ak0.pinimg.com/736x/6b/48/ca/6b48cabd04dee57f45c1f6a58813eaae.jpg",
} 

@online {openworm,
	title  = "Open Worm",
	year    = "2017",
	month   = "feb",
	edition = "first",
	url = "https://www.openworm.org/",
} 

@online {artlife,
	title  = "Wikipedia - Artificial Life",
	year    = "2017",
	month   = "feb",
	edition = "first",
	url = "https://www.wikipedia.org/wiki/Artificial_life",
} 

@online {intel,
	title  = "Wikipedia - Artificial Intelligence",
	year    = "2017",
	month   = "feb",
	edition = "first",
	url = "https://www.wikipedia.org/wiki/Artificial_intelligence",
} 

@online {cfl,
	title  = "Biology Online",
	year    = "2017",
	month   = "feb",
	edition = "first",
	url = "https://www.biology-online.org/dictionary/Life",
} 

@online {immune,
	title  = "Wikipedia - Artificial Immune System",
	year    = "2017",
	month   = "feb",
	edition = "first",
	url = "https://www.wikipedia.org/wiki/Artificial_immune_system",
} 

@online {atp,
	title  = "Wikipedia - Automated Theorem Proving",
	year    = "2017",
	month   = "feb",
	edition = "first",
	url = "https://www.wikipedia.org/wiki/Automated_theorem_proving",
} 

@online {drug,
	title  = "Wikipedia - Artificial Intelligence",
	year    = "2017",
	month   = "feb",
	edition = "first",
	url = "https://www.wikipedia.org/wiki/Artificial_immune_system",
} 

@online {pos,
	title  = "Wikipedia - Particle Swarm Optimization",
	year    = "2017",
	month   = "feb",
	edition = "first",
	url = "https://www.wikipedia.org/wiki/Particle_swarm_optimization",
} 

@online {boston,
	title  = "Boston Dynamics",
	year    = "2017",
	month   = "feb",
	edition = "first",
	url = "https://www.bostondynamics.com/",
} 

@online {cancer,
	title  = "Stanford News - Deep Learning Algorithm Does as Well as Dermatologists in Identifying Skin Cancer",
	year    = "2017",
	month   = "feb",
	edition = "first",
	url = "https://news.stanford.edu/2017/01/25/artificial-intelligence-used-identify-skin-cancer/",
} 

@online {geneng,
	title  = "Nanotech Drug Delivery Expands Its Range of Applications",
	author = "Genetic Engineering and Biotechnology News",
	year    = "2017",
	month   = "feb",
	edition = "first",
	url = "https://www.genengnews.com/gen-exclusives/nanotech-drug-delivery-expands-its-range-of-applications/77900720",
}