@online {etymonline2017,
    author  = "Etymonline",
    year    = "2017",
    month   = "feb",
    edition = "first",
    url = "http://www.etymonline.com/index.php",
} 

@online {atlantic2017,
	author  = "The Atlantic",
	title 	= "Scientists Have Found Another Crow That Uses Tools",
	year    = "2017",
	month   = "feb",
	edition = "first",
	url = "https://www.theatlantic.com/science/archive/2016/09/this-crow-nearly-died-out-before-we-knew-it-uses-tools/499724/",
} 

@online {Sea,
	title  = "Google Images - Animal Scientific Diagrams",
	year    = "2017",
	month   = "feb",
	edition = "first",
	url = "https://s-media-cache-ak0.pinimg.com/236x/19/44/b4/1944b45fa0ab35f9b6f42436073e342f.jpg",
} 

@online {Crystal,
	title  = "Google Images",
	year    = "2017",
	month   = "feb",
	edition = "first",
	url = "https://s-media-cache-ak0.pinimg.com/736x/6b/48/ca/6b48cabd04dee57f45c1f6a58813eaae.jpg",
} 